@InProceedings { DBLP:conf/iwomp/BroquedisGD12,
  author = {Broquedis, Francois and Gautier, Thierry and Danjean, Vincent},
  title = {lib{KOMP}, an {E}fficient {O}pen{MP} {R}untime {S}ystem for {B}oth {F}ork-{J}oin and {D}ata {F}low {P}aradigms},
  booktitle = {{IWOMP}},
  pages = {102-115},
  year = {2012},
  address = {Rome, Italy},
}
