
@Article{plasma-analysis,
  author =       "Agullo, E. and Demmel, J. and Dongarra, J. and Hadri, B. and Kurzak, J. and Langou, J. and Ltaief, H.and  Luszczek, P. and Tomov, S.",
  title =        "Numerical linear algebra on emerging architectures: The PLASMA and MAGMA projects",
  journal =      "Journal of Physics: Conference Series",
  volume =       "180",
  year =         "2009"
}

@article{plasma-lapack,
title = "A class of parallel tiled linear algebra algorithms for multicore architectures",
journal = "Parallel Computing",
volume = "35",
number = "1",
pages = "38 - 53",
year = "2009",
note = "",
issn = "0167-8191",
doi = "DOI: 10.1016/j.parco.2008.10.002",
url = "http://www.sciencedirect.com/science/article/pii/S0167819108001117",
author = "Alfredo Buttari and Julien Langou and Jakub Kurzak and Jack Dongarra",
keywords = "Linear algebra",
keywords = "Mathematical software",
keywords = "High performance computing",
keywords = "Multicore"
}


@Article{Gunnels:2001:FFL,
  author =       "John A. Gunnels and Fred G. Gustavson and Greg M.
                 Henry and Robert A. {v}an~de~Geijn",
  title =        "{FLAME}: {Formal Linear Algebra Methods Environment}",
  journal =      "{ACM} Transactions on Mathematical Software",
  volume =       "27",
  number =       "4",
  pages =        "422--455",
  month =        dec,
  year =         "2001",
  CODEN =        "ACMSCU",
  ISSN =         "0098-3500",
  bibsource =    "http://www.acm.org/pubs/contents/journals/toms/",
  URL =          "http://doi.acm.org/10.1145/504210.504213",
}


@article{Badia:2009,
 author = {Badia, Rosa M. and Herrero, Jos\'{e} R. and Labarta, Jes\'{u}s and P\'{e}rez, Josep M. and Quintana-Ort\'{\i}, Enrique S. and Quintana-Ort\'{\i}, Gregorio},
 title = {Parallelizing dense and banded linear algebra libraries using SMPSs},
 journal = {Concurr. Comput. : Pract. Exper.},
 volume = {21},
 issue = {18},
 month = {December},
 year = {2009},
 issn = {1532-0626},
 pages = {2438--2456},
 numpages = {19},
 url = {http://portal.acm.org/citation.cfm?id=1656506.1656514},
 doi = {10.1002/cpe.v21:18},
 acmid = {1656514},
 publisher = {John Wiley and Sons Ltd.},
 address = {Chichester, UK},
 keywords = {dynamic scheduling, high performance, linear algebra libraries, multi-core processors, programmability},
} 

@inproceedings{PerezBL08,
  author    = {Josep M. P{\'e}rez and
               Rosa M. Badia and
               Jes{\'u}s Labarta},
  title     = {A dependency-aware task-based programming environment for
               multi-core architectures},
  booktitle = {CLUSTER},
  year      = {2008},
  pages     = {142-151},
  ee        = {http://dx.doi.org/10.1109/CLUSTR.2008.4663765},
  crossref  = {DBLP:conf/cluster/2008},
  bibsource = {DBLP, http://dblp.uni-trier.de}
}
@proceedings{DBLP:conf/cluster/2008,
  title     = {Proceedings of the 2008 IEEE International Conference on
               Cluster Computing, 29 September - 1 October 2008, Tsukuba,
               Japan},
  booktitle = {CLUSTER},
  publisher = {IEEE},
  year      = {2008},
  isbn      = {978-1-4244-2640-9},
  bibsource = {DBLP, http://dblp.uni-trier.de}
}

@inproceedings{Athapascan98,
 author = {Galil\'{e}e, Fran\c{c}ois and Roch, Jean-Louis and Cavalheiro, Gerson G. H. and Doreille, Mathias},
 title = {Athapascan-1: On-Line Building Data Flow Graph in a Parallel Language},
 booktitle = {Proceedings of the 1998 International Conference on Parallel Architectures and Compilation Techniques},
 series = {PACT '98},
 year = {1998},
 isbn = {0-8186-8591-3},
 pages = {88--},
 url = {http://portal.acm.org/citation.cfm?id=522344.825701},
 acmid = {825701},
 publisher = {IEEE Computer Society},
 address = {Washington, DC, USA},
 keywords = {Multithreading, macro-data flow languages, on-line scheduling, parallel complexity},
} 

@article{CilkSched98,
 author = {Blumofe, Robert D. and Leiserson, Charles E.},
 title = {Space-Efficient Scheduling of Multithreaded Computations},
 journal = {SIAM J. Comput.},
 volume = {27},
 issue = {1},
 month = {February},
 year = {1998},
 issn = {0097-5397},
 pages = {202--229},
 numpages = {28},
 url = {http://portal.acm.org/citation.cfm?id=276234.276250},
 doi = {10.1137/S0097539793259471},
 acmid = {276250},
 publisher = {Society for Industrial and Applied Mathematics},
 address = {Philadelphia, PA, USA},
 keywords = {multithreaded computing, parallel algorithms, parallel computing, randomized algorithms, scheduling algorithms, stack memory, strict execution},
} 


@inproceedings{Cilk5:1998,
 author = {Frigo, Matteo and Leiserson, Charles E. and Randall, Keith H.},
 title = {The implementation of the Cilk-5 multithreaded language},
 booktitle = {Proceedings of the ACM SIGPLAN 1998 conference on Programming language design and implementation},
 series = {PLDI '98},
 year = {1998},
 isbn = {0-89791-987-4},
 location = {Montreal, Quebec, Canada},
 pages = {212--223},
 numpages = {12},
 url = {http://doi.acm.org/10.1145/277650.277725},
 doi = {http://doi.acm.org/10.1145/277650.277725},
 acmid = {277725},
 publisher = {ACM},
 address = {New York, NY, USA},
 keywords = {critical path, multithreading, parallel computing, programming language, runtime system, work},
} 


@article{Jade:1998,
 author = {Rinard, Martin C. and Lam, Monica S.},
 title = {The design, implementation, and evaluation of Jade},
 journal = {ACM Trans. Program. Lang. Syst.},
 volume = {20},
 issue = {3},
 month = {May},
 year = {1998},
 issn = {0164-0925},
 pages = {483--545},
 numpages = {63},
 url = {http://doi.acm.org/10.1145/291889.291893},
 doi = {http://doi.acm.org/10.1145/291889.291893},
 acmid = {291893},
 publisher = {ACM},
 address = {New York, NY, USA},
 keywords = {parallel computing, parallel programming languages},
} 


@misc{smpss-manual,
  title={{SMP} superscalar user's manual v.2.3},
  url={http://www.bsc.es/plantillaH.php?cat_id=391},
  year={2010} ,
  institution={Barcelona Supercomputing Center}
 }
 
 @article{dataflow,
author = {Arvind and Culler, D E},
title = {Dataflow Architectures},
journal = {Annual Review of Computer Science},
volume = {1},
number = {1},
pages = {225-253},
year = {1986},
doi = {10.1146/annurev.cs.01.060186.001301},
URL = {http://www.annualreviews.org/doi/abs/10.1146/annurev.cs.01.060186.001301},
eprint = {http://www.annualreviews.org/doi/pdf/10.1146/annurev.cs.01.060186.001301}
}

